<record><leader>00000cas a22000007a 4500</leader><controlfield tag="001">11321606</controlfield><controlfield tag="008">841029d19411943ksuwr ne      0   a0eng d</controlfield><datafield ind1=" " ind2=" " tag="010"><subfield code="a">sn 84030137 </subfield></datafield><datafield ind1=" " ind2=" " tag="040"><subfield code="a">KSH</subfield><subfield code="b">eng</subfield><subfield code="c">KSH</subfield><subfield code="d">NPT</subfield><subfield code="d">NPV</subfield><subfield code="d">OCLCQ</subfield></datafield><datafield ind1=" " ind2=" " tag="042"><subfield code="a">msc</subfield></datafield><datafield ind1="0" ind2=" " tag="130"><subfield code="a">Fort Riley guidon (Fort Riley, Kan. : 1941)</subfield></datafield><datafield ind1="1" ind2="4" tag="245"><subfield code="a">The Fort Riley guidon.</subfield></datafield><datafield ind1=" " ind2=" " tag="260"><subfield code="a">Fort Riley, Kan. :</subfield><subfield code="b">Tribune-News Pub. Co.,</subfield><subfield code="c">1941-1943.</subfield></datafield><datafield ind1=" " ind2=" " tag="300"><subfield code="a">2 v. :</subfield><subfield code="b">ill. ;</subfield><subfield code="c">44 cm.</subfield></datafield><datafield ind1=" " ind2=" " tag="310"><subfield code="a">Weekly</subfield></datafield><datafield ind1="0" ind2=" " tag="362"><subfield code="a">Vol. 1, no. 1 (July 11, 1941)-v. 2, no. 53 (Mar. 5, 1943).</subfield></datafield><datafield ind1=" " ind2=" " tag="752"><subfield code="a">United States</subfield><subfield code="b">Kansas</subfield><subfield code="c">Geary</subfield><subfield code="d">Fort Riley.</subfield></datafield><datafield ind1="0" ind2="0" tag="785"><subfield code="t">Guidon (Fort Riley, Kan. : 1943)</subfield><subfield code="w">(DLC)sn 84030136</subfield></datafield></record>